@article{evans1,
      author         = "Evans, David H. and Grinstein, Benjamin and Nolte, Detlef R.",
      title          = "{Operator product expansion for exclusive decays: $B \to D_{(s)}^+ e^+ e^-$ and $B^+ \to D_{(s)}^{*+} e^+ e^-$}",
      journal        = "Phys.Rev.Lett.",
      volume         = "83",
      pages          = "4947-4950",
      doi            = "10.1103/PhysRevLett.83.4947",
      year           = "1999",
      eprint         = "hep-ph/9904434",
      archivePrefix  = "arXiv",
      primaryClass   = "hep-ph",
      reportNumber   = "UCSD-PTH-99-05",
      SLACcitation   = "%%CITATION = HEP-PH/9904434;%%",
}

@article{evans2,
      author         = "Evans, David H. and Grinstein, Benjamin and Nolte, Detlef R.",
      title          = "{Short distance analysis of $\overline{B} \to J/\psi e^+ e^-$, $\overline{B} \to \eta(c) e^+ e^-$, $\overline{B} \to D^{0*} e^+ e^-$ and $\overline{B} \to D^0 e^+ e^-$}",
      journal        = "Nucl.Phys.",
      volume         = "B577",
      pages          = "240-260",
      doi            = "10.1016/S0550-3213(00)00159-0",
      year           = "2000",
      eprint         = "hep-ph/9906528",
      archivePrefix  = "arXiv",
      primaryClass   = "hep-ph",
      reportNumber   = "UCSD-PTH-99-09",
      SLACcitation   = "%%CITATION = HEP-PH/9906528;%%",
}
